
@inproceedings{Aster04,
  author="R. Aster and others", 
  year=2004,
  title="New instrumentation delivers multidisciplinary real-time 
  data from {Mount Erebus, Antarctica}", 
  booktitle="EOS Trans. AGU", 
  number=85, volume=10, pages="97-107"}

@article{Benz96,
  author="J.M. Benz and others", 
  year=1996, 
  title="Three-dimensional {P} and {S} wave velocity structure of 
  {Redoubt Volcano, Alaska}",
  journal="J. Geophys. Res.", 
  volume="101", pages="8111-8128"}

@article{Chouet03, 
  author="B. Chouet and others",
  year=2003,
  title="Source mechanisms of explosions at {Stromboli Volcano, Italy}, 
  determined from moment-tensor inversions of very-long-period data", 
  journal="J. Geophys. Res.", 
  volume="108", number="B7", pages="2331"}

@techreport{Dietel89,
  author="C. Dietel and others", 
  year=1989, 
  title="Data summary for dense {GEOS} array observations of seismic 
  activity associated with magma transport at {Kilauea Volcano,
  Hawaii}",
  number="89-113", 
  institution="U.S. Geological Survey"}

@article{Garces98,
  author="M.A. Garces and R.A. Hansen and K. Lindquist",
  year=1998, 
  title="Traveltimes for infrasonic waves propagating in a stratified 
  atmosphere", 
  journal="Geophys. J. Int.", 
  volume=135, number=1, pages="255-263"}

@article{Johnson03,
  author="J.B. Johnson and others",
  year=2003,
  title="Interpretation and utility of infrasonic records from erupting 
  volcanoes", 
  journal="J. Volc. Geotherm. Res.", 
  volume=121, number="1-2", pages="15-63"}

@article{Johnson04,
  author="J.B. Johnson and R.C. Aster and P.R. Kyle", 
  year=2004,
  title="Volcanic eruptions observed with infrasound", 
  journal="Geophys. Res. Lett.", 
  volume=31, number="L14604", pages="doi:10.1029/2004GL020020"}

@article{Lees89,
  author="J.M. Lees and R.S. Crosson", 
  year=1989,
  title="Tomographic inversion for three-dimensional velocity structure 
  at {Mount St. Helens} using earthquake data",
  journal="J. Geophys. Res.", 
  volume=94, pages="5716-5728"}

@incollection{McNutt96,
  author="S.R. McNutt", 
  year=1996, 
  title="Seismic Monitoring and Eruption Forecasting of Volcanoes: 
  A Review of the State of the Art and Case Histories", 
  editor="Scarpa and Tilling", 
  booktitle="Monitoring and Mitigation of Volcano Hazards",
  publisher="Springer-Verlag Berlin Heidelberg", 
  pages="99-146"}

@article{Moran99,
  author="S.C. Moran and J.M. Lees and S.D. Malone",
  year=1999,
  title="{P} wave crustal velocity structure in the greater {Mount
  Rainier} area from local earthquake tomography", 
  journal="J. Geophys. Res.", 
  volume=104, number="B5", pages="10775-10786"}

@article{Neuberg94,
  author="J. Neuberg and R. Luckett and M. Ripepe and T. Braun", 
  year=1994,
  title="Highlights from a seismic broadband array on {Stromboli}
  volcano", 
  journal="Geophys. Res. Lett.", volume=21, number=9, pages="749-752"}

@article{Phillips91, 
  author="W.S. Phillips and M.C. Fehler", 
  year=1991, 
  title="Traveltime tomography: {A} comparison of popular methods", 
  journal="Geophys.", volume=56, pages="1649-1649"}

@article{Ripepe02,
  author="M. Ripepe and E. Marchetti", 
  year=2002, 
  title="Array tracking of infrasonic sources at {Stromboli} volcano", 
  journal="Geophys. Res. Lett.", volume=29, pages="331-334"}

@book{Scarpa96,
  author="R. Scarpa and R.I. Tilling", 
  year=1996, 
  title="Monitoring and Mitigation of Volcano Hazards", 
  publisher="Springer-Verlag", address="Berlin"}

@article{Yamasato97,
  author="H. Yamasato", 
  year=1997, 
  title="Quantitative analysis of pyroclastic flows using infrasonic and 
  seismic data at {Unzen Volcano, Japan}",
  journal="J. Phys. Earth", 
  volume=45, pages="397-416"}

@article{Hall99,
  author="M. Hall and C. Robin and B. Beate and P. Mothes and M.
  Monzier",
  year=1999,
  title="Tungurahua volcano, {E}cuador: structure, eruptive history and 
  hazards",  
  journal="J. Volcanol. Geotherm. Res.", number=91, pages="1-21"}

@inproceedings{Ruiz94,
  author="M. Ruiz and D. Viracucha and H. Yepes and J. Aguilar and 
  M. Hall and P. Mothes and J.L. Chatelain", year=1994,
  title="Seismic Activity of {T}ungurahua Volcano: Analysis of a 
  long sustained tremor",  
  booktitle="Proc. Regional South America Seismological Assembly Mem.", 
  address="Brasilia", number=114}

